@Inbook{hid-sp18-410-elk-intro1,
  author =   "Lee Smith",
  title =        "Common Business problems conquered by ELK",
  year =         "2015",
  publisher =    "logit.io",
  url =    "http://blog.logit.io/how-the-elk-stack-can-conquer-common-business-problems/",
}

@Inbook{hid-sp18-410-elk-intro2,
  author =   "IndexOutOfRange",
  title =        "Choosing centralized logging and monitoring system",
  year =         "2017",
  publisher =    "IndexOutOfRange",
  url =    "https://indexoutofrange.com/Choosing-centralized-logging-and-monitoring-system/",
}

@Inbook{hid-sp18-410-elk-architecture,
  author =   "Steve Behrendt",
  title =        "ELK Stack (Elasticsearch, Logstash, Kibana) as a Log-Management solution for the Microsoft developer presented at the .net Usergroup",
  year =         "2015",
  publisher =    "Slideshare.net",
  url =    "https://www.slideshare.net/SteveBehrendt/elk-munich-net-ug",
}

@Inbook{hid-sp18-410-elk-components,
  author =   "Roxana Elliott",
  title =        "The ELK Stack - ElasticSearch, LogStash, and Kibana",
  year =         "2017",
  publisher =    "section.io",
  url =    "https://www.section.io/blog/what-is-the-elk-stack-elasticsearch-kibana/",
}



@Inbook{hid-sp18-410-elk-usecase,
  author =   "Pranav Shukla",
  title =        "Learning Elastic Stack 6.0",
  year =         "2017",
  publisher =    "packpub",
  url =    "https://www.packtpub.com/mapt/book/big_data_and_business_intelligence/9781787281868/1/ch01lvl1sec10/use-cases-of-elastic-stack",
}

@Misc{hid-sp18-410-elk-architecture-image,
  Title                    = {ELK Architecture image.},

  Author                   = {{ELK Architecture}},
  HowPublished             = {ppt},

  Owner                    = {Karan},
  Timestamp                = {2018.03.26},
  
}

@Misc{hid-sp18-410-elk-comp1,
  Title                    = {Elastic Search.},

  
  HowPublished             = {png},

  Owner                    = {Karan},
  Timestamp                = {2018.03.26},
  
}

@Misc{hid-sp18-410-elk-comp2,
  Title                    = {Logstash.},

  
  HowPublished             = {png},

  Owner                    = {Karan},
  Timestamp                = {2018.03.26},
  
}

@Misc{hid-sp18-410-elk-comp3,
  Title                    = {Kibana.},

  
  HowPublished             = {png},

  Owner                    = {Karan},
  Timestamp                = {2018.03.26},
  
}


